@book{hill_first_1980,
    address = {Oxford Oxfordshire : New York},
    title = {First {Course} {In} {Coding} {Theory}},
    isbn = {978-0-19-853803-5},
    abstract = {Algebraic coding theory is a new and rapidly developing subject, popular for its many practical applications and for its fascinatingly rich mathematical structure. This book provides an elementary yet rigorous introduction to the theory of error-correcting codes. Based on courses given by the author over several years to advanced undergraduates and first-year graduated students, this guide includes a large number of exercises, all with solutions, making the book highly suitable for individual study.},
    language = {Ingl√©s},
    author = {Hill, Raymond},
    month = mar,
    year = {1980},
}